@article{zeki2011segmentation,
  title={Segmentation of Arabic Characters: A Comprehensive Survey},
  author={Zeki, Ahmed M and Zakaria, Mohamad S and Liong, Choong-Yeun},
  journal={International Journal of Technology Diffusion},
  volume={2},
  number={4},
  pages={48--82},
  year={2011},
  publisher={IGI Global}
}
@article{casey1996survey,
  title={A survey of methods and strategies in character segmentation},
  author={Casey, Richard G and Lecolinet, Eric},
  journal={Pattern Analysis and Machine Intelligence, IEEE Transactions on},
  volume={18},
  number={7},
  pages={690--706},
  year={1996},
  publisher={IEEE}
}
@article{al2011online,
  title={Online handwriting recognition for the Arabic letter set},
  author={Al-Ammar, Mai and Al-Majed, Reham and Aboalsamh, Hatim},
  journal={Recent Researches in Communications and IT},
  year={2011}
}
@inproceedings{elanwar2012unconstrained,
  title={Unconstrained Arabic Online Handwritten Words Segmentation using New HMM State Design},
  author={Elanwar, Randa Ibrahim and Rashwan, Mohsen and Mashali, Samia},
  booktitle={Proceedings of World Academy of Science, Engineering and Technology},
  number={64},
  year={2012},
  organization={World Academy of Science, Engineering and Technology}
}
@inproceedings{elanwar2010ohasd,
  title={OHASD: the first on-line Arabic sentence database handwritten on tablet PC},
  author={Elanwar, RI and Rashwan, MA and Mashali, SA},
  booktitle={Proceedings of World Academy of Science, Engineering and Technology (WASET), International conference on International Conference on Signal and Image Processing ICSIP},
  volume={69},
  pages={910--915},
  year={2010}
}
@article{connell2000online,
  title={Online handwriting recognition using multiple pattern class models},
  author={Connell, Scott D},
  year={2000},
  publisher={Citeseer}
}
@article{el2011line,
  title={On-line Arabic handwriting recognition competition},
  author={El Abed, Haikal and Kherallah, Monji and M{\"a}rgner, Volker and Alimi, Adel M},
  journal={International Journal on Document Analysis and Recognition (IJDAR)},
  volume={14},
  number={1},
  pages={15--23},
  year={2011},
  publisher={Springer}
}
@inproceedings{shirdhonkar2008approximate,
  title={Approximate earth moverï¿½s distance in linear time},
  author={Shirdhonkar, Sameer and Jacobs, David W},
  booktitle={Computer Vision and Pattern Recognition, 2008. CVPR 2008. IEEE Conference on},
  pages={1--8},
  year={2008},
  organization={IEEE}
}
@inproceedings{pechwitz2002ifn,
  title={IFN/ENIT-database of handwritten Arabic words},
  author={Pechwitz, Mario and Maddouri, S Snoussi and M{\"a}rgner, Volker and Ellouze, Noureddine and Amiri, Hamid and others},
  booktitle={Proc. of CIFED},
  volume={2},
  pages={127--136},
  year={2002},
  organization={Citeseer}
}
@article{abdulla2008off,
  title={Off-Line Arabic Handwritten Word Segmentation Using Rotational Invariant Segments Features.},
  author={Abdulla, Shubair and Al-Nassiri, Amer and Salam, Rosalina Abdul},
  journal={Int. Arab J. Inf. Technol.},
  volume={5},
  number={2},
  pages={200--208},
  year={2008}
}
@inproceedings{daifallah2009recognition,
  title={Recognition-based segmentation algorithm for on-line arabic handwriting},
  author={Daifallah, Khaled and Zarka, Nizar and Jamous, Hassan},
  booktitle={Document Analysis and Recognition, 2009. ICDAR'09. 10th International Conference on},
  pages={886--890},
  year={2009},
  organization={IEEE}
}
@article{biadsy2011segmentation,
  title={Segmentation-free online arabic handwriting recognition},
  author={Biadsy, Fadi and Saabni, Raid and El-Sana, Jihad},
  journal={International Journal of Pattern Recognition and Artificial Intelligence},
  volume={25},
  number={07},
  pages={1009--1033},
  year={2011},
  publisher={World Scientific}
}
@inproceedings{sari2002off,
  title={Off-line handwritten arabic character segmentation algorithm: Acsa},
  author={Sari, Toufik and Souici, Labiba and Sellami, Mokhtar},
  booktitle={Frontiers in Handwriting Recognition, 2002. Proceedings. Eighth International Workshop on},
  pages={452--457},
  year={2002},
  organization={IEEE}
}
@article{Dinges2011,
author = {Dinges, Laslo and Al-Hamadi, A and Elzobi, Moftah},
file = {:C$\backslash$:/Users/kour/AppData/Local/Mendeley Ltd./Mendeley Desktop/Downloaded/Dinges et al. - 2011 - Offline Automatic Segmentation based Recognition of Handwritten Arabic Words.pdf:pdf},
journal = {sersc.org},
keywords = {arabic handwriting,character recognition,handwritten word seg-,pattern recognition},
mendeley-groups = {Segmentation},
pages = {131--144},
title = {{Offline Automatic Segmentation based Recognition of Handwritten Arabic Words}},
url = {http://www.sersc.org/journals/IJSIP/vol4\_no4/11.pdf},
year = {2011}
}
@inproceedings{zidouri2005adaptive,
  title={Adaptive dissection based subword segmentation of printed Arabic text},
  author={Zidouri, A and Sarfraz, Muhammad and Shahab, SA and Jafri, SM},
  booktitle={Information Visualisation, 2005. Proceedings. Ninth International Conference on},
  pages={239--243},
  year={2005},
  organization={IEEE}
}
@article{al2010development,
  title={Development of an efficient neural-based segmentation technique for Arabic handwriting recognition},
  author={Al Hamad, Husam A and Abu Zitar, Raed},
  journal={Pattern Recognition},
  volume={43},
  number={8},
  pages={2773--2798},
  year={2010},
  publisher={Elsevier}
}
@inproceedings{eraqi2012new,
  title={A new Efficient Graphemes Segmentation Technique for Offline Arabic Handwriting},
  author={Eraqi, Hesham M and Abdelazeem, Sherif},
  booktitle={Frontiers in Handwriting Recognition (ICFHR), 2012 International Conference on},
  pages={95--100},
  year={2012},
  organization={IEEE}
}
@article{razzak2010locally,
  title={Locally baseline detection for online Arabic script based languages character recognition},
  author={Razzak, Muhammad Imran and Sher, Muhammad and Hussain, SA},
  journal={Int. J. Phys. Sci},
  volume={5},
  number={7},
  pages={955--959},
  year={2010}
}
@inproceedings{casey1995strategies,
  title={Strategies in character segmentation: a survey},
  author={Casey, Richard G and Lecolinet, Eric},
  booktitle={Document Analysis and Recognition, 1995., Proceedings of the Third International Conference on},
  volume={2},
  pages={1028--1033},
  year={1995},
  organization={IEEE}
}