@article{zeki2011segmentation,
  title={Segmentation of Arabic Characters: A Comprehensive Survey},
  author={Zeki, Ahmed M and Zakaria, Mohamad S and Liong, Choong-Yeun},
  journal={International Journal of Technology Diffusion},
  volume={2},
  number={4},
  pages={48--82},
  year={2011},
  publisher={IGI Global}
}
@article{casey1996survey,
  title={A survey of methods and strategies in character segmentation},
  author={Casey, Richard G and Lecolinet, Eric},
  journal={Pattern Analysis and Machine Intelligence, IEEE Transactions on},
  volume={18},
  number={7},
  pages={690--706},
  year={1996},
  publisher={IEEE}
}
@article{al2011online,
  title={Online handwriting recognition for the Arabic letter set},
  author={Al-Ammar, Mai and Al-Majed, Reham and Aboalsamh, Hatim},
  journal={Recent Researches in Communications and IT},
  year={2011}
}
@inproceedings{elanwar2012unconstrained,
  title={Unconstrained Arabic Online Handwritten Words Segmentation using New HMM State Design},
  author={Elanwar, Randa Ibrahim and Rashwan, Mohsen and Mashali, Samia},
  booktitle={Proceedings of World Academy of Science, Engineering and Technology},
  number={64},
  year={2012},
  organization={World Academy of Science, Engineering and Technology}
}
@inproceedings{elanwar2010ohasd,
  title={OHASD: the first on-line Arabic sentence database handwritten on tablet PC},
  author={Elanwar, RI and Rashwan, MA and Mashali, SA},
  booktitle={Proceedings of World Academy of Science, Engineering and Technology (WASET), International conference on International Conference on Signal and Image Processing ICSIP},
  volume={69},
  pages={910--915},
  year={2010}
}
@article{connell2000online,
  title={Online handwriting recognition using multiple pattern class models},
  author={Connell, Scott D},
  year={2000},
  publisher={Citeseer}
}
@article{el2011line,
  title={On-line Arabic handwriting recognition competition},
  author={El Abed, Haikal and Kherallah, Monji and M{\"a}rgner, Volker and Alimi, Adel M},
  journal={International Journal on Document Analysis and Recognition (IJDAR)},
  volume={14},
  number={1},
  pages={15--23},
  year={2011},
  publisher={Springer}
}
@inproceedings{shirdhonkar2008approximate,
  title={Approximate earth mover's distance in linear time},
  author={Shirdhonkar, Sameer and Jacobs, David W},
  booktitle={Computer Vision and Pattern Recognition, 2008. CVPR 2008. IEEE Conference on},
  pages={1--8},
  year={2008},
  organization={IEEE}
}
@inproceedings{pechwitz2002ifn,
  title={IFN/ENIT-database of handwritten Arabic words},
  author={Pechwitz, Mario and Maddouri, S Snoussi and M{\"a}rgner, Volker and Ellouze, Noureddine and Amiri, Hamid and others},
  booktitle={Proc. of CIFED},
  volume={2},
  pages={127--136},
  year={2002},
  organization={Citeseer}
}
@article{abdulla2008off,
  title={Off-Line Arabic Handwritten Word Segmentation Using Rotational Invariant Segments Features.},
  author={Abdulla, Shubair and Al-Nassiri, Amer and Salam, Rosalina Abdul},
  journal={Int. Arab J. Inf. Technol.},
  volume={5},
  number={2},
  pages={200--208},
  year={2008}
}
@inproceedings{daifallah2009recognition,
  title={Recognition-based segmentation algorithm for on-line arabic handwriting},
  author={Daifallah, Khaled and Zarka, Nizar and Jamous, Hassan},
  booktitle={Document Analysis and Recognition, 2009. ICDAR'09. 10th International Conference on},
  pages={886--890},
  year={2009},
  organization={IEEE}
}
@article{biadsy2011segmentation,
  title={Segmentation-free online arabic handwriting recognition},
  author={Biadsy, Fadi and Saabni, Raid and El-Sana, Jihad},
  journal={International Journal of Pattern Recognition and Artificial Intelligence},
  volume={25},
  number={07},
  pages={1009--1033},
  year={2011},
  publisher={World Scientific}
}
@inproceedings{sari2002off,
  title={Off-line handwritten arabic character segmentation algorithm: Acsa},
  author={Sari, Toufik and Souici, Labiba and Sellami, Mokhtar},
  booktitle={Frontiers in Handwriting Recognition, 2002. Proceedings. Eighth International Workshop on},
  pages={452--457},
  year={2002},
  organization={IEEE}
}
@article{Dinges2011,
author = {Dinges, Laslo and Al-Hamadi, A and Elzobi, Moftah},
file = {:C$\backslash$:/Users/kour/AppData/Local/Mendeley Ltd./Mendeley Desktop/Downloaded/Dinges et al. - 2011 - Offline Automatic Segmentation based Recognition of Handwritten Arabic Words.pdf:pdf},
journal = {sersc.org},
keywords = {arabic handwriting,character recognition,handwritten word seg-,pattern recognition},
mendeley-groups = {Segmentation},
pages = {131--144},
title = {{Offline Automatic Segmentation based Recognition of Handwritten Arabic Words}},
url = {http://www.sersc.org/journals/IJSIP/vol4\_no4/11.pdf},
year = {2011}
}
@inproceedings{zidouri2005adaptive,
  title={Adaptive dissection based subword segmentation of printed Arabic text},
  author={Zidouri, A and Sarfraz, Muhammad and Shahab, SA and Jafri, SM},
  booktitle={Information Visualisation, 2005. Proceedings. Ninth International Conference on},
  pages={239--243},
  year={2005},
  organization={IEEE}
}
@article{al2010development,
  title={Development of an efficient neural-based segmentation technique for Arabic handwriting recognition},
  author={Al Hamad, Husam A and Abu Zitar, Raed},
  journal={Pattern Recognition},
  volume={43},
  number={8},
  pages={2773--2798},
  year={2010},
  publisher={Elsevier}
}
@inproceedings{eraqi2012new,
  title={A new Efficient Graphemes Segmentation Technique for Offline Arabic Handwriting},
  author={Eraqi, Hesham M and Abdelazeem, Sherif},
  booktitle={Frontiers in Handwriting Recognition (ICFHR), 2012 International Conference on},
  pages={95--100},
  year={2012},
  organization={IEEE}
}
@article{razzak2010locally,
  title={Locally baseline detection for online Arabic script based languages character recognition},
  author={Razzak, Muhammad Imran and Sher, Muhammad and Hussain, SA},
  journal={Int. J. Phys. Sci},
  volume={5},
  number={7},
  pages={955--959},
  year={2010}
}
@inproceedings{casey1995strategies,
  title={Strategies in character segmentation: a survey},
  author={Casey, Richard G and Lecolinet, Eric},
  booktitle={Document Analysis and Recognition, 1995., Proceedings of the Third International Conference on},
  volume={2},
  pages={1028--1033},
  year={1995},
  organization={IEEE}
}
@inproceedings{el2009icdar,
  title={Icdar 2009 online arabic handwriting recognition competition},
  author={El Abed, Haikal and Margner, Volker and Kherallah, Monji and Alimi, Adel M},
  booktitle={Document Analysis and Recognition, 2009. ICDAR'09. 10th International Conference on},
  pages={1388--1392},
  year={2009},
  organization={IEEE}
}
@inproceedings{saabni2009efficient,
  title={Efficient generation of comprehensive database for online arabic script recognition},
  author={Saabni, Raid and El-Sana, Jihad},
  booktitle={Document Analysis and Recognition, 2009. ICDAR'09. 10th International Conference on},
  pages={1231--1235},
  year={2009},
  organization={IEEE}
}
@article{jannoud2007automatic,
  title={Automatic Arabic hand written text recognition system},
  author={Jannoud, Ismael Ahmad},
  journal={American Journal of Applied Sciences},
  volume={4},
  number={11},
  pages={857},
  year={2007}
}
@article{harmon1972automatic,
  title={Automatic recognition of print and script},
  author={Harmon, Leon D},
  journal={Proceedings of the IEEE},
  volume={60},
  number={10},
  pages={1165--1176},
  year={1972},
  publisher={IEEE}
}
@inproceedings{gionis1999similarity,
  title={Similarity search in high dimensions via hashing},
  author={Gionis, Aristides and Indyk, Piotr and Motwani, Rajeev and others},
  booktitle={VLDB},
  volume={99},
  pages={518--529},
  year={1999}
}
@article{douglas1973algorithms,
  title={Algorithms for the reduction of the number of points required to represent a digitized line or its caricature},
  author={Douglas, David H and Peucker, Thomas K},
  journal={Cartographica: The International Journal for Geographic Information and Geovisualization},
  volume={10},
  number={2},
  pages={112--122},
  year={1973},
  publisher={UT Press}
}
@article{belongie2002shape,
  title={Shape matching and object recognition using shape contexts},
  author={Belongie, Serge and Malik, Jitendra and Puzicha, Jan},
  journal={Pattern Analysis and Machine Intelligence, IEEE Transactions on},
  volume={24},
  number={4},
  pages={509--522},
  year={2002},
  publisher={IEEE}
}
@inproceedings{saabni2013multi,
  title={The multi angular descriptor (MAD): a binary and gray images descriptor for shape recognition},
  author={Saabni, Raid},
  booktitle={Proceedings of the 2nd International Workshop on Historical Document Imaging and Processing},
  pages={53--58},
  year={2013},
  organization={ACM}
}
@article{indyk2003fast,
  title={Fast image retrieval via embeddings},
  author={Indyk, Piotr and Thaper, Nitin},
  year={2003}
}
@article{burrow2004arabic,
  title={Arabic handwriting recognition},
  author={Burrow, Peter},
  journal={Report of Master of Science School of Informatics, University of Edinburgh},
  year={2004}
}
@article{plamondon2000online,
  title={Online and off-line handwriting recognition: a comprehensive survey},
  author={Plamondon, R{\'e}jean and Srihari, Sargur N},
  journal={Pattern Analysis and Machine Intelligence, IEEE Transactions on},
  volume={22},
  number={1},
  pages={63--84},
  year={2000},
  publisher={IEEE}
}
@incollection{huang2009preprocessing,
  title={Preprocessing techniques for online handwriting recognition},
  author={Huang, Bing Quan and Zhang, YB and Kechadi, M-T},
  booktitle={Intelligent Text Categorization and Clustering},
  pages={25--45},
  year={2009},
  publisher={Springer}
}
@inproceedings{verma2004feature,
  title={A feature extraction technique for online handwriting recognition},
  author={Verma, Brijesh and Lu, Jenny and Ghosh, Moumita and Ghosh, Ranadhir},
  booktitle={Neural Networks, 2004. Proceedings. 2004 IEEE International Joint Conference on},
  volume={2},
  pages={1337--1341},
  year={2004},
  organization={IEEE}
}
@inproceedings{parizeau2001character,
  title={Character recognition experiments using UNIPEN data},
  author={Parizeau, Marc and Lemieux, Alexandre and Gagn{\'e}, Christian},
  booktitle={Document Analysis and Recognition, 2001. Proceedings. Sixth International Conference on},
  pages={481--485},
  year={2001},
  organization={IEEE}
}
@article{zhang2004review,
  title={Review of shape representation and description techniques},
  author={Zhang, Dengsheng and Lu, Guojun},
  journal={Pattern recognition},
  volume={37},
  number={1},
  pages={1--19},
  year={2004},
  publisher={Elsevier}
}
@article{jaeger2001online,
  title={Online handwriting recognition: the NPen++ recognizer},
  author={Jaeger, Stefan and Manke, Stefan and Reichert, J{\"u}rgen and Waibel, Alex},
  journal={International Journal on Document Analysis and Recognition},
  volume={3},
  number={3},
  pages={169--180},
  year={2001},
  publisher={Springer}
}
@article{abandah2009analysis,
  title={Analysis of handwritten Arabic letters using selected feature extraction techniques},
  author={Abandah, Gheith A and Khedher, Mohammed Z},
  journal={International Journal of Computer Processing of Languages},
  volume={22},
  number={01},
  pages={49--73},
  year={2009},
  publisher={World Scientific}
}
@inproceedings{hu1997combining,
  title={Combining high-level features with sequential local features for on-line handwriting recognition},
  author={Hu, Jianying and Rosenthal, Amy S and Brown, Michael K},
  booktitle={Image Analysis and Processing},
  pages={647--654},
  year={1997},
  organization={Springer}
}
@article{yang2008survey,
  title={A survey of shape feature extraction techniques},
  author={Yang, Mingqiang and Kpalma, Kidiyo and Ronsin, Joseph and others},
  journal={Pattern recognition},
  pages={43--90},
  year={2008}
}
@article{kim2000region,
  title={Region-based shape descriptor invariant to rotation, scale and translation},
  author={Kim, Hae-Kwang and Kim, Jong-Deuk},
  journal={Signal Processing: Image Communication},
  volume={16},
  number={1},
  pages={87--93},
  year={2000},
  publisher={Elsevier}
}
@inproceedings{saabni2009hierarchical,
  title={Hierarchical on-line arabic handwriting recognition},
  author={Saabni, Raid and El-Sana, Jihad},
  booktitle={Document Analysis and Recognition, 2009. ICDAR'09. 10th International Conference on},
  pages={867--871},
  year={2009},
  organization={IEEE}
}
@article{husegmenting,
  title={Segmenting Handwritten Math Symbols Using AdaBoost and Multi-Scale Shape Context Features},
  author={Hu, Lei and Zanibbi, Richard}
}
@inproceedings{hu1995invariant,
  title={Invariant features for HMM based on-line handwriting recognition},
  author={Hu, Jianying and Brown, Michael K and Turin, William},
  booktitle={Image Analysis and Processing},
  pages={588--593},
  year={1995},
  organization={Springer}
}
@article{hu1996hmm,
  title={HMM based online handwriting recognition},
  author={Hu, Jianying and Brown, Michael K and Turin, William},
  journal={Pattern Analysis and Machine Intelligence, IEEE Transactions on},
  volume={18},
  number={10},
  pages={1039--1045},
  year={1996},
  publisher={IEEE}
}